<?xml version="1.0" encoding="UTF-8"?><collection xmlns="http://www.loc.gov/MARC21/slim"><record><leader>00397nam--2200169-u-4500</leader><controlfield tag="001">000051491</controlfield><controlfield tag="002">20161230</controlfield><controlfield tag="005">20161230201049</controlfield><controlfield tag="008">080722s1000------------r-----000-0-eng-d</controlfield><datafield ind1=" " ind2=" " tag="040"><subfield code="a">IFIN-HH</subfield></datafield><datafield ind1=" " ind2=" " tag="080"><subfield code="a">517.22.12</subfield></datafield><datafield ind1="1" ind2=" " tag="100"><subfield code="a">Smallian,Reimond</subfield></datafield><datafield ind1="1" ind2="0" tag="245"><subfield code="a">Alisa v Strane Smekalki</subfield></datafield><datafield ind1=" " ind2=" " tag="260"><subfield code="a">Moskva</subfield><subfield code="b">Mir</subfield><subfield code="c">1987</subfield></datafield><datafield ind1=" " ind2=" " tag="300"><subfield code="a">182 p</subfield></datafield><datafield ind1=" " ind2=" " tag="852"><subfield code="a">74504</subfield><subfield code="c">517.2/3</subfield></datafield><datafield ind1=" " ind2=" " tag="CAT"><subfield code="a">Sys</subfield><subfield code="c">20080722</subfield><subfield code="h">112910</subfield></datafield></record></collection>